% This file was created with JabRef 2.10b2.
% Encoding: UTF-8

@article{arthur1982ergodic,
  title={The ergodic theorems of demography: a simple proof},
  author={Arthur, W Brian},
  journal={Demography},
  volume={19},
  number={4},
  pages={439--445},
  year={1982},
  publisher={Springer}
}

@article{de1985time,
  title={A time series model for cohort data},
  author={de Beer, Joop},
  journal={Journal of the American Statistical Association},
  volume={80},
  number={391},
  pages={525--530},
  year={1985},
  publisher={Taylor \& Francis}
}

@Misc{HFD,
  Title                    = {{Max Planck Institute for Demographic Research (Germany) and Vienna Institute of Demography (Austria).}},

  Author                   = {{Human Fertility Database.}},
  HowPublished             = {online},
  Note                     = {Available at www.humanfertility.org (data downloaded on [June, 2017]).},
  Year                     = {2017},

  Owner                    = {tim}
}

@TechReport{hfd2015methods,
  Title                    = {Methods protocol for the human fertility database},
  Author                   = {Jasilioniene, Aiva and Jdanov, DA and Sobotka, T and Andreev, EM and Zeman, K and Shkolnikov, VM and Goldstein, JR and Philipov, D and Rodriguez, G},
  Institution              = {{Max-Planck-Institude for Demographic Research and the Vienna Institute for Demography}},
  Year                     = {2015},

  Journal                  = {Rostock, MPIDR, 56p},
  Url                      = {https://www.humanfertility.org/Docs/methods.pdf}
}

@Book{kuczynski1932fertility,
  Title                    = {{Fertility and reproduction: methods of measuring the balance of births and deaths}},
  Author                   = {Kuczynski, R.R.},
  Publisher                = {Falcon Press},
  Year                     = {1932},

  Owner                    = {triffe},
  Timestamp                = {2011.02.09}
}

@article{rizzi2015efficient,
  title={Efficient estimation of smooth distributions from coarsely grouped data},
  author={Rizzi, Silvia and Gampe, Jutta and Eilers, Paul HC},
  journal={American journal of epidemiology},
  volume={182},
  number={2},
  pages={138--147},
  year={2015},
  publisher={Oxford University Press}
}

  @Manual{pclmR,
    title = {ungroup: Penalized Composite Link Model for Efficient Estimation of
Smooth Distributions from Coarsely Binned Data},
    author = {Marius D. Pascariu and Silvia Rizzi and Maciej Danko},
    note = {R package version 0.8.3},
    url = {https://github.com/mpascariu/pclm},
    year = {2017}
  }